@inproceedings{Szegedy2014,
archivePrefix = {arXiv},
arxivId = {1312.6199},
author = {Szegedy, Christian and Zaremba, Wojciech and Sutskever, Ilya and Bruna, Joan and Erhan, Dumitru and Goodfellow, Ian and Fergus, Rob},
booktitle = {2nd International Conference on Learning Representations, ICLR 2014 - Conference Track Proceedings},
eprint = {1312.6199},
month = {dec},
title = {{Intriguing properties of neural networks}},
url = {http://arxiv.org/abs/1312.6199},
year = {2014}
}

@inproceedings{bak2021nnenum,
  title={nnenum: Verification of {ReLU} Neural Networks with Optimized Abstraction Refinement},
  author={Bak, Stanley},
  booktitle={NASA Formal Methods Symposium},
  pages={19--36},
  year={2021},
  organization={Springer}
}

@article{vnncomp2021,
  author    = {Stanley Bak and
               Changliu Liu and
               Taylor T. Johnson},
  title     = {The Second International Verification of Neural Networks Competition
               {(VNN-COMP} 2021): Summary and Results},
  journal   = {CoRR},
  volume    = {abs/2109.00498},
  year      = {2021},
  url       = {https://arxiv.org/abs/2109.00498},
  eprinttype = {arXiv},
  eprint    = {2109.00498},
  timestamp = {Mon, 20 Sep 2021 16:29:41 +0200},
  biburl    = {https://dblp.org/rec/journals/corr/abs-2109-00498.bib},
  bibsource = {dblp computer science bibliography, https://dblp.org}
}

@book{mitra2021verifying,
  title={Verifying Cyber-Physical Systems: A Path to Safe Autonomy},
  author={Mitra, Sayan},
  year={2021},
  publisher={MIT Press}
}

@inproceedings{katz2017reluplex,
  title={Reluplex: An efficient SMT solver for verifying deep neural networks},
  author={Katz, Guy and Barrett, Clark and Dill, David L and Julian, Kyle and Kochenderfer, Mykel J},
  booktitle={International Conference on Computer Aided Verification},
  year={2017},
  organization={Springer}
}

@article{liu2019algorithms,
  title={Algorithms for verifying deep neural networks},
  author={Liu, Changliu and Arnon, Tomer and Lazarus, Christopher and Strong, Christopher and Barrett, Clark and Kochenderfer, Mykel J},
  journal={arXiv preprint arXiv:1903.06758},
  year={2019}
}

@inproceedings{Eykholt2018,
author = {Eykholt, Kevin and Evtimov, Ivan and Fernandes, Earlence and Li, Bo and Rahmati, Amir and Xiao, Chaowei and Prakash, Atul and Kohno, Tadayoshi and Song, Dawn},
booktitle = {Proceedings of the IEEE Computer Society Conference on Computer Vision and Pattern Recognition},
doi = {10.1109/CVPR.2018.00175},
isbn = {9781538664209},
issn = {10636919},
pages = {1625--1634},
title = {{Robust Physical-World Attacks on Deep Learning Visual Classification}},
year = {2018}
}

@article{hendrycks2019benchmarking,
  title={Benchmarking neural network robustness to common corruptions and perturbations},
  author={Hendrycks, Dan and Dietterich, Thomas},
  journal={arXiv preprint arXiv:1903.12261},
  year={2019}
}

@inproceedings{dodge2017study,
  title={A study and comparison of human and deep learning recognition performance under visual distortions},
  author={Dodge, Samuel and Karam, Lina},
  booktitle={2017 26th international conference on computer communication and networks (ICCCN)},
  pages={1--7},
  year={2017},
  organization={IEEE}
}


@inproceedings{tran2020nnv,
  title={{NNV}: The neural network verification tool for deep neural networks and learning-enabled cyber-physical systems},
  author={Tran, Hoang-Dung and Yang, Xiaodong and Lopez, Diego Manzanas and Musau, Patrick and Nguyen, Luan Viet and Xiang, Weiming and Bak, Stanley and Johnson, Taylor T},
  booktitle={International Conference on Computer Aided Verification},
  pages={3--17},
  year={2020},
  organization={Springer}
}

@inproceedings{donze2010robust,
  title={Robust satisfaction of temporal logic over real-valued signals},
  author={Donz{\'e}, Alexandre and Maler, Oded},
  booktitle={International Conference on Formal Modeling and Analysis of Timed Systems},
  pages={92--106},
  year={2010},
  organization={Springer}
}

@inproceedings{rasmussen2003gaussian,
  title={Gaussian processes in machine learning},
  author={Rasmussen, Carl Edward},
  booktitle={Summer school on machine learning},
  pages={63--71},
  year={2003},
  organization={Springer}
}

@inproceedings{pattanaik2018robust,
  title={Robust Deep Reinforcement Learning with Adversarial Attacks},
  author={Pattanaik, Anay and Tang, Zhenyi and Liu, Shuijing and Bommannan, Gautham and Chowdhary, Girish},
  booktitle={Proceedings of the 17th International Conference on Autonomous Agents and MultiAgent Systems},
  pages={2040--2042},
  year={2018}
}

@inproceedings{ghosh2018verifying,
  title={Verifying controllers against adversarial examples with Bayesian optimization},
  author={Ghosh, Shromona and Berkenkamp, Felix and Ranade, Gireeja and Qadeer, Shaz and Kapoor, Ashish},
  booktitle={2018 IEEE International Conference on Robotics and Automation (ICRA)},
  pages={7306--7313},
  year={2018},
  organization={IEEE}
}

@article{deshmukh2017testing,
  title={Testing cyber-physical systems through {Bayesian} optimization},
  author={Deshmukh, Jyotirmoy and Horvat, Marko and Jin, Xiaoqing and Majumdar, Rupak and Prabhu, Vinayak S},
  journal={ACM Transactions on Embedded Computing Systems (TECS)},
  volume={16},
  number={5s},
  pages={1--18},
  year={2017},
  publisher={ACM New York, NY, USA}
}

@article{koymans1990specifying,
  title={Specifying real-time properties with metric temporal logic},
  author={Koymans, Ron},
  journal={Real-time systems},
  volume={2},
  number={4},
  pages={255--299},
  year={1990},
  publisher={Springer}
}

@article{shahriari2015taking,
  title={Taking the human out of the loop: A review of Bayesian optimization},
  author={Shahriari, Bobak and Swersky, Kevin and Wang, Ziyu and Adams, Ryan P and De Freitas, Nando},
  journal={Proceedings of the IEEE},
  volume={104},
  number={1},
  pages={148--175},
  year={2015},
  publisher={IEEE}
}

@inproceedings{ryou2021scalable,
  title={Scalable polyhedral verification of recurrent neural networks},
  author={Ryou, Wonryong and Chen, Jiayu and Balunovic, Mislav and Singh, Gagandeep and Dan, Andrei and Vechev, Martin},
  booktitle={International Conference on Computer Aided Verification},
  pages={225--248},
  year={2021},
  organization={Springer}
}


@inproceedings{annpureddy2011s,
  title={{S-TaLiRo}: A tool for temporal logic falsification for hybrid systems},
  author={Annpureddy, Yashwanth and Liu, Che and Fainekos, Georgios and Sankaranarayanan, Sriram},
  booktitle={International Conference on Tools and Algorithms for the Construction and Analysis of Systems},
  pages={254--257},
  year={2011},
  organization={Springer}
}

@inproceedings{donze2010breach,
  title={Breach, a toolbox for verification and parameter synthesis of hybrid systems},
  author={Donz{\'e}, Alexandre},
  booktitle={International Conference on Computer Aided Verification},
  pages={167--170},
  year={2010},
  organization={Springer}
}

@misc{af2030,
  title = {Science and Technology Strategy --- Strengthening {USAF} Science and Technology for 2030 and Beyond},
  author = {Greg Zacharias},
  howpublished = {\url{https://www.af.mil/Portals/1/documents/2019\%20SAF\%20story\%20attachments/Air\%20Force\%20Science\%20and\%20Technology\%20Strategy.pdf}},
  note = {{USAF}},
  year = {2019}
}

@inproceedings{bak2019hscc,
author = {Bak, Stanley and Tran, Hoang-Dung and Johnson, Taylor T.},
 title = {Numerical Verification of Affine Systems with Up to a Billion Dimensions},
 booktitle = {Proceedings of the 22Nd ACM International Conference on Hybrid Systems: Computation and Control},
 series = {HSCC '19},
 year = {2019},
 isbn = {978-1-4503-6282-5},
 location = {Montreal, Quebec, Canada},
 pages = {23--32},
 numpages = {10},
 url = {http://doi.acm.org/10.1145/3302504.3311792},
 doi = {10.1145/3302504.3311792},
 acmid = {3311792},
 publisher = {ACM},
 address = {New York, NY, USA},
 keywords = {formal verification, hybrid systems, reachability},
} 

@inproceedings{sadraddini2019linear,
  title={Linear encodings for polytope containment problems},
  author={Sadraddini, Sadra and Tedrake, Russ},
  booktitle={2019 IEEE 58th Conference on Decision and Control (CDC)},
  pages={4367--4372},
  year={2019},
  organization={IEEE}
}

@inproceedings{ko2019popqorn,
  title={POPQORN: Quantifying robustness of recurrent neural networks},
  author={Ko, Ching-Yun and Lyu, Zhaoyang and Weng, Lily and Daniel, Luca and Wong, Ngai and Lin, Dahua},
  booktitle={International Conference on Machine Learning},
  pages={3468--3477},
  year={2019},
  organization={PMLR}
}

@inproceedings{du2021cert,
  title={Cert-RNN: Towards Certifying the Robustness of Recurrent Neural Networks},
  author={Du, Tianyu and Ji, Shouling and Shen, Lujia and Zhang, Yao and Li, Jinfeng and Shi, Jie and Fang, Chengfang and Yin, Jianwei and Beyah, Raheem and Wang, Ting},
  booktitle={Proceedings of the 2021 ACM SIGSAC Conference on Computer and Communications Security},
  pages={516--534},
  year={2021}
}


@article{jia2019certified,
  title={Certified robustness to adversarial word substitutions},
  author={Jia, Robin and Raghunathan, Aditi and G{\"o}ksel, Kerem and Liang, Percy},
  journal={arXiv preprint arXiv:1909.00986},
  year={2019}
}


@inproceedings{xingjian2015convolutional,
  title={Convolutional LSTM network: A machine learning approach for precipitation nowcasting},
  author={Xingjian, SHI and Chen, Zhourong and Wang, Hao and Yeung, Dit-Yan and Wong, Wai-Kin and Woo, Wang-chun},
  booktitle={Advances in neural information processing systems},
  pages={802--810},
  year={2015}
}


@article{tran2019safety,
  title={Safety verification of cyber-physical systems with reinforcement learning control},
  author={Tran, Hoang-Dung and Cai, Feiyang and Diego, Manzanas Lopez and Musau, Patrick and Johnson, Taylor T and Koutsoukos, Xenofon},
  journal={ACM Transactions on Embedded Computing Systems (TECS)},
  volume={18},
  number={5s},
  pages={1--22},
  year={2019},
  publisher={ACM New York, NY, USA}
}

@article{ruoss2020learning,
  title={Learning certified individually fair representations},
  author={Ruoss, Anian and Balunovi{\'c}, Mislav and Fischer, Marc and Vechev, Martin},
  journal={arXiv preprint arXiv:2002.10312},
  year={2020}
}


@inproceedings{ivanov2019verisig,
  title={Verisig: verifying safety properties of hybrid systems with neural network controllers},
  author={Ivanov, Radoslav and Weimer, James and Alur, Rajeev and Pappas, George J and Lee, Insup},
  booktitle={Proceedings of the 22nd ACM International Conference on Hybrid Systems: Computation and Control},
  pages={169--178},
  year={2019}
}

@article{tran2020verification,
  title={Verification approaches for learning-enabled autonomous cyber-physical systems},
  author={Tran, Hoang-Dung and Xiang, Weiming and Johnson, Taylor T},
  journal={IEEE Design \& Test},
  year={2020},
  publisher={IEEE}
}

@inproceedings{gehr2018ai2,
  title={Ai2: Safety and robustness certification of neural networks with abstract interpretation},
  author={Gehr, Timon and Mirman, Matthew and Drachsler-Cohen, Dana and Tsankov, Petar and Chaudhuri, Swarat and Vechev, Martin},
  booktitle={2018 IEEE Symposium on Security and Privacy (SP)},
  pages={3--18},
  year={2018},
  organization={IEEE}
}


@article{urban2020perfectly,
  title={Perfectly parallel fairness certification of neural networks},
  author={Urban, Caterina and Christakis, Maria and W{\"u}stholz, Valentin and Zhang, Fuyuan},
  journal={Proceedings of the ACM on Programming Languages},
  volume={4},
  number={OOPSLA},
  pages={1--30},
  year={2020},
  publisher={ACM New York, NY, USA}
}


@inproceedings{galhotra2017fairness,
  title={Fairness testing: testing software for discrimination},
  author={Galhotra, Sainyam and Brun, Yuriy and Meliou, Alexandra},
  booktitle={Proceedings of the 2017 11th Joint Meeting on Foundations of Software Engineering},
  pages={498--510},
  year={2017}
}


@inproceedings{bonaert2021fast,
  title={Fast and precise certification of transformers},
  author={Bonaert, Gregory and Dimitrov, Dimitar I and Baader, Maximilian and Vechev, Martin},
  booktitle={Proceedings of the 42nd ACM SIGPLAN International Conference on Programming Language Design and Implementation},
  pages={466--481},
  year={2021}
}


@article{shi2020robustness,
  title={Robustness verification for transformers},
  author={Shi, Zhouxing and Zhang, Huan and Chang, Kai-Wei and Huang, Minlie and Hsieh, Cho-Jui},
  journal={arXiv preprint arXiv:2002.06622},
  year={2020}
}


@article{xiang2020reachable,
  title={Reachable set estimation for neural network control systems: A simulation-guided approach},
  author={Xiang, Weiming and Tran, Hoang-Dung and Yang, Xiaodong and Johnson, Taylor T},
  journal={IEEE Transactions on Neural Networks and Learning Systems},
  volume={32},
  number={5},
  pages={1821--1830},
  year={2020},
  publisher={IEEE}
}

@inproceedings{tran2019star,
  title={Star-based reachability analysis of deep neural networks},
  author={Tran, Hoang-Dung and Lopez, Diago Manzanas and Musau, Patrick and Yang, Xiaodong and Nguyen, Luan Viet and Xiang, Weiming and Johnson, Taylor T},
  booktitle={International Symposium on Formal Methods},
  pages={670--686},
  year={2019},
  organization={Springer}
}

@inproceedings{bak2020cav,
  title={Improved Geometric Path Enumeration for Verifying {ReLU} Neural Networks},
  author={Bak, Stanley and Tran, Hoang-Dung and Hobbs, Kerianne and Johnson, Taylor T.},
  booktitle={32nd International Conference on Computer Aided Verification},
  year={2020},
  organization={Springer}
}

@inproceedings{tran2020cav,
  title={Verification of Deep Convolutional Neural Networks Using ImageStars},
  author={Tran, Hoang-Dung and Bak, Stanley and Xiang, Weiming and Johnson, Taylor T.},
  booktitle={Proceedings of the 32nd International Conference on Computer Aided Verification},
  year={2020},
  organization={Springer}
}

@inproceedings{bak2017hscc,
  title={Hylaa: A tool for computing simulation-equivalent reachability for linear systems},
  author={Bak, Stanley and Duggirala, Parasara Sridhar},
  booktitle={Proceedings of the 20th International Conference on Hybrid Systems: Computation and Control},
  year={2017},
  organization={ACM}
}

@inproceedings{duggirala2016parsimonious,
  title={Parsimonious, simulation based verification of linear systems},
  author={Duggirala, Parasara Sridhar and Viswanathan, Mahesh},
  booktitle={International Conference on Computer Aided Verification},
  pages={477--494},
  year={2016},
  organization={Springer}
}

@inproceedings{Amy2018,
author = {Amy, Matthew},
title = {Towards Large-scale Functional Verification of Universal Quantum Circuits},
booktitle = {Proceedings of the 15th International Conference on Quantum Physics and Logic, {QPL} 2018},
year = {2018},
month = {June},
}

@article{Chareton2020,
    title={Toward Certified Quantum Programming},
    author = {{Chareton}, Christophe and {Bardin}, S{\'e}bastien and {Bobot}, Fran{\c{c}}ois and {Perrelle}, Valentin and {Valiron}, Benoit},
    journal={arXiv e-prints},
    eprint={2003.05841},
    archivePrefix={arXiv},
    primaryClass={cs.PL},
    year={2020}
}

@misc{Hietala2019,
    title={A Verified Optimizer for Quantum Circuits},
    author={Kesha Hietala and Robert Rand and Shih-Han Hung and Xiaodi Wu and Michael Hicks},
    year={2019},
    eprint={1912.02250},
    archivePrefix={arXiv},
    primaryClass={cs.PL}
}

@inproceedings{Rand2017,
  author    = {Robert Rand and
               Jennifer Paykin and
               Steve Zdancewic},
  editor    = {Bob Coecke and
               Aleks Kissinger},
  title     = {{QWIRE} Practice: Formal Verification of Quantum Circuits in Coq},
  booktitle = {Proceedings 14th International Conference on Quantum Physics and Logic,
               {QPL} 2017, Nijmegen, The Netherlands, 3-7 July 2017},
  series    = {{EPTCS}},
  volume    = {266},
  pages     = {119--132},
  year      = {2017},
  url       = {https://doi.org/10.4204/EPTCS.266.8},
  doi       = {10.4204/EPTCS.266.8},
  timestamp = {Wed, 29 May 2019 12:01:02 +0200},
  biburl    = {https://dblp.org/rec/journals/corr/abs-1803-00699.bib},
  bibsource = {dblp computer science bibliography, https://dblp.org}
}

@phdthesis{RandThesis,
  title={Formally Verified Quantum Programming},
  author={Rand, Robert},
  year={2018},
  school={University of Pennsylvania}
}
